@Misc{eldhuset:07,
  OPTkey =       {},
  author =    {\r{A}smund Eldhuset},
  title =     {L\o sningsforslag til kapittel 15 i},
  howpublished = {\url{http://www.idi.ntnu.no/~algdat/notater/2007/lf-kap15.pdf}},
  OPTmonth =     {},
  year =      {2007},
  OPTnote =      {},
  OPTannote =    {}
}

