@Misc{nielsen:03,
  OPTkey =       {},
  author =    {Fiona Gwendolyn Ginn Nielsen},
  title =     {{DM02 â€“ Opgaver fra ugeseddel 7}},
  howpublished = {\url{http://www.glyn.dk/dm02/pdf/uge07opgaver.pdf}},
  month =     {October},
  year =      {2003},
  OPTnote =      {},
  OPTannote =    {}
}

