@Misc{warmuth:05,
  OPTkey =       {},
  author =    {Manfred Warmuth},
  title =     {{CMPS 102 Solutions to Homework 6}},
  howpublished = {\url{http://www.cse.ucsc.edu/classes/cmps102/Fall05/hw/hw6sol.pdf}},
  OPTmonth =     {},
  OPTyear =      {},
  OPTnote =      {},
  OPTannote =    {}
}

