@Misc{carlstrom:04,
  OPTkey =       {},
  author =    {Brian D. Carlstrom},
  title =     {{Problem Set \#4 Solutions}},
  howpublished = {\url{http://carlstrom.com/stanford/cs161/ps4sol.pdf}},
  OPTmonth =     {},
  year =      {2004},
  OPTnote =      {},
  OPTannote =    {}
}

